% Please name each reference in the format: last:names:of:all:authors:venue:year. 

% conference
@inproceedings{Chen:2018,
author = {Chen, Lianping},
year = {2018},
month = {03},
pages = {},
title = {Microservices: Architecting for Continuous Delivery and DevOps},
doi = {10.1109/ICSA.2018.00013}
}

% journal 
@ARTICLE{Jamshidi:Pahl:Mendonca:Lewis:Tilkov:2018,
author={P. {Jamshidi} and C. {Pahl} and N. C. {Mendon√ßa} and J. {Lewis} and S. {Tilkov}},
journal={IEEE Software},
title={Microservices: The Journey So Far and Challenges Ahead},
year={2018},
volume={35},
number={3},
pages={24-35},
keywords={Special issues and sections;Service computing;Software development;microservices;service-oriented architecture;SOA;domain-driven design;DDD;model-driven development;MDD;architectural antipatterns;legacy systems;software development;software engineering},
doi={10.1109/MS.2018.2141039},
ISSN={1937-4194},
month={May},}

@Article{Zimmermann:2017,
author="Zimmermann, Olaf",
title="Microservices tenets",
journal="Computer Science - Research and Development",
year="2017",
month="Jul",
day="01",
volume="32",
number="3",
pages="301--310",
issn="1865-2042",
doi="10.1007/s00450-016-0337-0",
url="https://doi.org/10.1007/s00450-016-0337-0"
}

%   Bunch
@ARTICLE{Mitchell:Mancoridis:2006,
author={B. S. {Mitchell} and S. {Mancoridis}},
journal={IEEE Transactions on Software Engineering},
title={On the automatic modularization of software systems using the Bunch tool},
year={2006},
volume={32},
number={3},
pages={193-208},
keywords={software architecture;software maintenance;reverse engineering;systems re-engineering;software tools;search problems;automatic modularization;Bunch software clustering tool;software system abstraction;software system architectural-level view;graph partition;search algorithm;reverse engineering;software system reengineering;program comprehension;software maintainability;Software systems;Software tools;Software maintenance;Clustering algorithms;Reverse engineering;Software quality;Search problems;Software performance;Partitioning algorithms;Chaos;Clustering;reverse engineering;reengineering;program comprehension;optimization;maintainability.},
doi={10.1109/TSE.2006.31},
ISSN={2326-3881},
month={March},}

%   MoJoFM
@INPROCEEDINGS{Wen:Tzerpos:2004,
author={ {Zhihua Wen} and V. {Tzerpos}},
booktitle={Proceedings. 12th IEEE International Workshop on Program Comprehension, 2004.},
title={An effectiveness measure for software clustering algorithms},
year={2004},
volume={},
number={},
pages={194-203},
keywords={reverse engineering;software clustering;software understanding;Mojo distance;software system;Software measurement;Clustering algorithms;Software algorithms;Software systems;Software performance;Partitioning algorithms;System testing;Benchmark testing;Conferences;Heuristic algorithms},
doi={10.1109/WPC.2004.1311061},
ISSN={1092-8138},
month={June},}

% website
@misc{Scitools:Understand:2019,
  author = {Scitools},
  title = {{Understand:Visualize Your Code}},
  howpublished = "\url{https://scitools.com/}",
  year={2019},
  note = "[Online; accessed November 2019]"
}



% technical report
@techreport{Fritz:Arzt:Rasthofer:Bodden:Bartel:Klein:Traon:Octeau:McDaniel:techreport:2013,
  title={{Highly Precise Taint Analysis for Android Applications}},
  author={Christian Fritz and Steven Arzt and Siegfried Rasthofer and Eric Bodden and Alexandre Bartel and Jacques Klein and Yves le Traon and Damien Octeau and Patrick McDaniel},
  number={TUD-CS-2013-0113},
  year={2013},
  institution={European Center for Security and Privacy by Design, Germany}
}
