
@inproceedings{Arzt:Rasthofer:Fritz:Bodden:Bartel:Klein:LeTraon:Octeau:McDaniel:SIGPLAN14,
 author = {Arzt, Steven and Rasthofer, Siegfried and Fritz, Christian and Bodden, Eric and Bartel, Alexandre and Klein, Jacques and Le Traon, Yves and Octeau, Damien and McDaniel, Patrick},
 title = {FlowDroid: Precise Context, Flow, Field, Object-sensitive and Lifecycle-aware Taint Analysis for Android Apps},
 year = {2014},
 pages = {259--269},
 booktitle={Proc. of PLDI'14}
}

@inproceedings{gordon2015information,
  title={Information Flow Analysis of Android Applications in DroidSafe},
  author={Gordon, Michael I and Kim, Deokhwan and Perkins, Jeff H and Gilham, Limei and Nguyen, Nguyen and Rinard, Martin C},
  booktitle={Proc. of NDSS'15},
  year={2015}
}

@inproceedings{wei2014amandroid,
  title={Amandroid: A Precise and General Inter-component Data Flow Analysis Framework for Security Vetting of Android Apps},
  author={Wei, Fengguo and Roy, Sankardas and Ou, Xinming and others},
  booktitle={Proc. of CCS'14},
  pages={1329--1341},
  year={2014}
}


@inproceedings{li2015iccta,
  title={Iccta: Detecting Inter-component Privacy Leaks in Android Apps},
  author={Li, Li and Bartel, Alexandre and Bissyand{\'e}, Tegawend{\'e} F and Klein, Jacques and Le Traon, Yves and Arzt, Steven and Rasthofer, Siegfried and Bodden, Eric and Octeau, Damien and McDaniel, Patrick},
  booktitle={Proc. of ICSE'15},
  _pages={280--291},
  year={2015}
}


@inproceedings{rasthofer2014amachine,
  title={A Machine-learning Approach for Classifying and Categorizing Android Sources and Sinks},
  author={Siegfried Rasthofer and Steven Arzt and Eric Bodden},
  booktitle = {Proc. of NDSS'14},
  year= {2014}
}


@inproceedings{barros2015static,
  title={Static Analysis of Implicit Control Flow: Resolving Java Reflection and Android Intents {(T)}},
  author={Paulo Barros and Ren{\'{e}} Just and Suzanne Millstein and Paul Vines and Werner Dietl and Marcelo d'Amorim and Michael D. Ernst},
  booktitle = {Proc. of ASE'15},
  pages={669--679},
  year={2015}
}


@inproceedings{schmeelk2015android,
  title={Android Malware Static Analysis Techniques},
  author={Suzanna Schmeelk and Junfeng Yang andAlfred V. Aho},
  booktitle = {Proc. of CISR'15},
  pages= {5:1--5:8},
  year= {2015}
}


@inproceedings{hoffmann2016evaluating,
  title={Evaluating Analysis Tools for Android Apps: Status Quo and Robustness Against Obfuscation},
  author={Johannes Hoffmann and Teemu Rytilahti and Davide Maiorca and Marcel Winandy and Giorgio Giacinto and Thorsten Holz},
  booktitle= {Proc. of CODASPY'16},
  pages= {139--141},
  year = {2016}
}



@inproceedings{klieber2014android,
  title={Android Taint Flow Analysis for App Sets},
  author={Klieber, William and Flynn, Lori and Bhosale, Amar and Jia, Limin and Bauer, Lujo},
  booktitle={Proc. of PLDI Workshop on Software Analysis (SOAP'15)},
  pages={1--6},
  year={2014},
}




@inproceedings{smaragdakis2011pick,
  title={Pick Your Contexts Well: Understanding Object-sensitivity},
  author={Smaragdakis, Yannis and Bravenboer, Martin and Lhot{\'a}k, Ondrej},
  booktitle={Proc. of POPL'11},
  pages={17--30},
  year={2011}
}



@inproceedings{kastrinis2013efficient,
  title={Efficient and Effective Handling Of Exceptions in Java Points-to Analysis},
  author={Kastrinis, George and Smaragdakis, Yannis},
  booktitle={Proc. of CC'13},
  pages={41--60},
  year={2013}
}



@inproceedings{lhotak2003scaling,
  title={Scaling Java Points-to Analysis Using {SPARK}},
  author={Lhot{\'a}k, Ond{\v{r}}ej and Hendren, Laurie},
  booktitle={Proc. of CC'03},
  pages={153--169},
  year={2003}
}


@inproceedings{whaley2005using,
  title={Using Datalog with Binary Decision Diagrams for Program Analysis},
  author={Whaley, John and Avots, Dzintars and Carbin, Michael and Lam, Monica S},
  booktitle={Proc. of APLAS'05},
  pages={97--118},
  year={2005}
}




@inproceedings{Zhang:Duan:Yin:Zhao:SAM14,
 title = {Semantics-Aware Android Malware Classification Using Weighted Contextual API Dependency Graphs},
 author = {Mu, Zhang and Yue, Duan and Heng, Yin and Zhiruo, Zhao},
 booktitle = {Proc. of CCS'14},
 year = {2014},
 pages = {1105--1116}
} 




@inproceedings {Octeau:McDaniel:Jha:Bartel:Bodden:Klein:LeTraon:Usenix13,
title = {Effective Inter-Component Communication Mapping in Android: An Essential Step Towards Holistic Security Analysis},
author = {Damien Octeau and Patrick McDaniel and Somesh Jha and Alexandre Bartel and Eric Bodden and Jacques Klein and Yves Le Traon},
booktitle = {Proc. of {USENIX} Security 2013},
year = {2013},
pages = {543--558}
}



@inproceedings{octeau2915composite,
  title = {{Composite Constant Propagation: Application to Android
  Inter-Component Communication Analysis}},
  author = {Damien Octeau and Daniel Luchaup and Matthew Dering and Somesh Jha
  and Patrick McDaniel},
  booktitle = {Proc. of ICSE'15},
  year = {2015},
  pages={77--88}
}



@inproceedings{Bianchi:Corbetta:Invernizzi:Fratantonio:Kruegel:Vigna:SP15, 
title={What the App is That? Deception and Countermeasures in the Android User Interface}, 
author={Antonio Bianchi and Jacopo Corbetta and Luca Invernizzi and Yanick Fratantonio and Christopher Kruegel and Giovanni Vigna}, 
booktitle={Proc. of S\&P 2015}, 
year={2015}, 
pages={931-948}, 
}




@inproceedings{Fratantonio:Machiry:Bianchi:Kruegel:Vigna:FSE15,
 title = {CLAPP: Characterizing Loops in Android Applications},
 author = {Yanick Fratantonio and Aravind Machiry and Antonio Bianchi and Christopher Kruegel and Giovanni Vigna},
 booktitle = {Proc. of ESEC/FSE 2015},
 year = {2015},
 pages = {687--697}
}


@inproceedings{li2015apkcombiner,
  author ={Li, Li and Bartel, Alexandre and Bissyand{\'e}, Tegawend{\'e} F. and Klein, Jacques and Traon, Yves Le},
  title = {{ApkCombiner: Combining Multiple Android Apps to Support Inter-App Analysis}},
  year = {2015},
  pages = {513-527},
  booktitle = {Proc. of SEC'15}
}



@article{reaves2016droid,
  title={*droid: Assessment and Evaluation of Android Application Analysis Tools},
  author={Reaves, Bradley and Bowers, Jasmine and Gorski III, Sigmund Albert and Anise, Olabode and Bobhate, Rahul and Cho, Raymond and Das, Hiranava and Hussain, Sharique and Karachiwala, Hamza and Scaife, Nolen and others},
  journal={ACM Computing Surveys},
  volume={49},
  number={3},
  pages={55},
  year={2016}
}


@article{sufatrio2015securing,
 title = {Securing Android: A Survey, Taxonomy, and Challenges},
 author = {Sufatrio and Tan, Darell J. J. and Chua, Tong-Wei and Thing, Vrizlynn L. L.},
 journal = {ACM Computing Surveys},
 volume = {47},
 number = {4},
 year = {2015},
 pages = {58:1--58:45}
 }




@article{li2017static,
  title={Static Analysis of Android Apps: A Systematic Literature Review},
  author={Li, Li and Bissyand{\'e}, Tegawend{\'e} F and Papadakis, Mike and Rasthofer, Siegfried and Bartel, Alexandre and Octeau, Damien and Klein, Jacques and Traon, Le},
  journal={Information \& Software Technology},
  volume={88},
  pages={67--95},
  year={2017}
}


@article{hammer2009flow,
  title={Flow-sensitive, Context-sensitive, and Object-sensitive Information Flow Control Based on Program Dependence Graphs},
  author={Hammer, Christian and Snelting, Gregor},
  journal={International Journal of Information Security},
  volume={8},
  pages={399--422},
  year={2009}
}


@article{russo2010implicit,
  title={Implicit Flows in Malicious and Nonmalicious Code},
  author={Russo, Alejandro and Sabelfeld, Andrei and Li, Keqin},
  journal={Logics and Languages for Reliability and Security},
  volume={25},
  pages={301--322},
  year={2010}
}


@article{li2017androzooplusplus,
  title={AndroZoo++: Collecting Millions of Android Apps and Their Metadata for the Research Community},
  author={Li, Li and Gao, Jun and Hurier, M{\'e}d{\'e}ric and Kong, Pingfan and Bissyand{\'e}, Tegawend{\'e} F and Bartel, Alexandre and Klein, Jacques and Traon, Yves Le},
  journal={The Computing Research Repository},
  volume={abs/1709.05281},
  year={2017}
}




@article{bhandari2017android,
  title={Android Inter-app Communication Threats and Detection Techniques},
  author={Bhandari, Shweta and Jaballah, Wafa Ben and Jain, Vineeta and Laxmi, Vijay and Zemmari, Akka and Gaur, Manoj Singh and Mosbah, Mohamed and Conti, Mauro},
  journal={Computers \& Security},
  volume={70},
  pages={392--421},
  year={2017},
}





@article{sadeghi2017taxonomy,
  title={A Taxonomy and Qualitative Comparison of Program Analysis Techniques for Security Assessment of Android Software},
  author={Sadeghi, Alireza and Bagheri, Hamid and Garcia, Joshua and Malek, Sam},
  journal={IEEE Transactions on Software Engineering},
  volume={43},
  number={6},
  pages={492--530},
  year={2017}
}


@article{pearce2007efficient,
 title = {Efficient Field-sensitive Pointer Analysis of C},
 author = {Pearce, David J. and Kelly, Paul H.J. and Hankin, Chris},
 journal = {ACM Transactions on Programming Languages and Systems},
 volume = {30},
 number = {1},
 year = {2007}
} 



@article{smaragdakis2015pointer,
  title={Pointer Analysis},
  author={Smaragdakis, Yannis and Balatsouras, George and others},
  journal={Foundations and Trends{\textregistered} in Programming Languages},
  volume={2},
  number={1},
  pages={1--69},
  year={2015}
}



@misc{wikipedia2017sensitivities,
  author = {Wikipedia},
  title = {Data-flow Analysis: Sensitivities},
  howpublished = "\url{https://en.wikipedia.org/wiki/Data-flow_analysis}",
  year={2017},
  _note = "[Online; accessed January 2018]"
}




%%%% Appendix
@misc{appendix,
  author = {Anonymized for the review},
  title = {Supplementary materials},
  howpublished = "\url{https://drive.google.com/file/d/1nbT9SkW6E3SkGjngOpbsuWeTVqnVll79/view?usp=sharing}",
  year={2018},
  _note = "[Online; accessed January 2018]"
}



%%%% DroidBench
@misc{droidbench,
  author={},
  title = {\droidbench Benchmark Suite},
  howpublished = "\url{https://github.com/secure-software-engineering/DroidBench}",
  year={2017},
  _note = "[Online; accessed May 2017]"
}




%%%% DroidBench
@misc{iccbench,
  title = {\iccbench Benchmark Suite},
  howpublished = "\url{https://github.com/fgwei/ICC-Bench}",
  year={2017},
  _note = "[Online; accessed May 2017]"
}



%%%% DroidBench
@misc{wala,
  title = {The T. J. Watson Libraries for Analysis (\textsc{Wala})},
  howpublished = "\url{http://wala.sourceforge.net}",
  year={2017},
  _note = "[Online; accessed January 2018]"
}


%% soot exception technical report
@techreport{jorgensen2003improving,
  title={Improving the Precision and Correctness of Exception Analysis in Soot},
  author={Jorgensen, John},
  number={2003-3},
  year={2003},
  institution={McGill University, Canada}
}



% url: http://www.arguslab.org/documents/tech_reports/2017/amandroid_fgwei_2017.pdf
@techreport{wei2017amandroid,
  title={Amandroid: A Precise and General Inter-component Data Flow Analysis Framework for Security Vetting of Android Apps},
  author={Wei, Fengguo and Roy, Sankardas and Ou, Xinming and Robby},
  number={2017-4},
  year={2017},
  institution={University of South Florida, USA}
  }

% FlowDroid technical report
@techreport{fritz2013highly,
  title={Highly precise taint analysis for android applications},
  author={Fritz, Christian and Arzt, Steven and Rasthofer, Siegfried and Bodden, Eric and Bartel, Alexandre and Klein, Jacques and Le Traon, Yves and Octeau, Damien and McDaniel, Patrick},
  number={TUD-CS-2013-0113},
  year={2013},
  institution={European Center for Security and Privacy by Design, Germany}
}

@phdthesis{arzt2017static,
  author={Steven Arzt},
  title     = {Static Data Flow Analysis for Android Applications},
  school    = {Darmstadt University of Technology, Germany},
  year      = {2017}
}

